@article{su2011jade,
  title={JADE implemented mobile multi-agent based, distributed information platform for pervasive health care monitoring},
  author={Su, C.J. and Wu, C.Y.},
  journal={Applied Soft Computing},
  volume={11},
  number={1},
  pages={315--325},
  year={2011},
  publisher={Elsevier}
}

@article{bellifemine2008jade,
  title={JADE: A software framework for developing multi-agent applications. Lessons learned},
  author={Bellifemine, F. and Caire, G. and Poggi, A. and Rimassa, G.},
  journal={Information and Software Technology},
  volume={50},
  number={1-2},
  pages={10--21},
  year={2008},
  publisher={Elsevier}
}

