@misc{rfc2141,
  author = {R. Moats},
  title  = {{URN Syntax}},
  note   = {{RFC 2141}},
  month  = {May},
  year   = {1997},
  url    = {http://www.ietf.org/rfc/rfc2141.txt}
}

@misc{rfc3986,
  author = {Berners-Lee, T. and Fielding, R. and Masinter, L.},
  title = {RFC 3986, Uniform Resource Identifier (URI): Generic Syntax},
  url = {http://rfc.net/rfc3986.html},
  year = 2005
}

@misc{rfc4122,
  author = {Leach, P. and Mealling, M. and Salz, R.},
  title = {{A Universally Unique IDentifier (UUID) URN Namespace}},
  note = {{RFC 4122}},
  month = {July},
  year = {2005},
  url = {http://www.ietf.org/rfc/rfc4122.txt}
}

@misc{jade,
  title = {{Java Agent Development Framework}},
  month = {May},
  year = {2012},
  url = {http://jade.tilab.com}
}

@misc{FIPA-SL,
  author = {{Foundation for Intelligent Physical Agents}},
  title = {{FIPA SL Content Language Specification}},
  note = {{FIPA00008}},
  month = {December},
  year = {2002},
  url = {http://www.fipa.org/specs/fipa00008/}
}

@misc{FIPA-ComActSpec,
  author = {{Foundation for Intelligent Physical Agents}},
  title = {{FIPA Communicative Act Library Specification}},
  note = {{FIPA00037J}},
  month = {December},
  year = {2002},
  url = {http://www.fipa.org/specs/fipa00037/}
}

@misc{IANA-MediaTypes,
  author ={{Internet Assigned Numbers Authority}},
  title = {{MIME Media Types}},
  month = {March},
  year = {2012},
  url = {http://www.iana.org/assignments/media-types/index.html}
}
