@misc{rfc2141,
  author = {R. Moats},
  title  = {{URN Syntax}},
  note   = {{RFC 2141}},
  month  = {May},
  year   = {1997},
  url    = {http://www.ietf.org/rfc/rfc2141.txt}
}

@misc{rfc4122,
  author = {Leach, P. and Mealling, M. and Salz, R.},
  title = {{A Universally Unique IDentifier (UUID) URN Namespace}},
  note = {{RFC 4122}},
  month = {July},
  year = {2005},
  url = {http://www.ietf.org/rfc/rfc4122.txt}
}